@misc{Paritosh2021,
  author = {Paritosh, Mittal and Tanay, Sharma},
  title = {Lecture 10A},
  year = {2021},
  publisher = {GitHub},
  journal = {GitHub repository},
  howpublished = {\url{https://github.com/Xingyu-Lin/16831-spring-2021/tree/master/src/lecture_10_A}},
  commit = {https://github.com/Xingyu-Lin/16831-spring-2021/commit/152a889e36f36a7fe84e107a6153422334d7c1c4b}
}