@article{noble2006support,
  title={What is a support vector machine?},
  author={Noble, William S},
  journal={Nature biotechnology},
  volume={24},
  number={12},
  pages={1565--1567},
  year={2006},
  publisher={Nature Publishing Group}
}

@article{valiant1984theory,
  title={A theory of the learnable},
  author={Valiant, Leslie G},
  journal={Communications of the ACM},
  volume={27},
  number={11},
  pages={1134--1142},
  year={1984},
  publisher={Acm New York, NY, USA}
}

@article{robbins1952some,
  title={Some aspects of the sequential design of experiments},
  author={Robbins, Herbert},
  journal={Bulletin of the American Mathematical Society},
  volume={58},
  number={5},
  pages={527--535},
  year={1952},
  publisher={American Mathematical Society}
}


