@article{adversarial_ex,
  title={EXPLAINING AND HARNESSING ADVERSARIAL EXAMPLES},
  author={Ian J. Goodfellow and Jonathon Shlens and Christian Szegedy},
  journal={conference paper at ICLR},
  volume={},
  number={},
  pages={},
  year={2015},
  publisher={}
}

@article{pwea,
  title={How to use expert advice},
  author={Nicol`o Cesa-Bianchi and Yoav Freund and David Haussler and David P. Helmbold and Robert E. Schapire and Manfred K. Warmuth},
  journal={J. ACM},
  volume={44},
  number={3},
  pages={427â€“485},
  year={1997},
  publisher={}
}

@techreport{ol_lecture,
  title={Online Learning Lecture},
  author={Sasha Rakhlin},
  year={2008},
  institution={Massachusetts Institute of Technology MA}
}