@article{pac,
author = {Valiant, L. G.},
title = {A Theory of the Learnable},
year = {1984},
issue_date = {Nov. 1984},
publisher = {Association for Computing Machinery},
address = {New York, NY, USA},
volume = {27},
number = {11},
issn = {0001-0782},
url = {https://doi.org/10.1145/1968.1972},
doi = {10.1145/1968.1972},
journal = {Commun. ACM},
month = {nov},
pages = {1134–1142},
numpages = {9},
keywords = {inductive inference, probabilistic models of learning, propositional expressions}
}

@article{svm,
  title={Support-vector networks},
  author={Cortes, Corinna and Vapnik, Vladimir},
  journal={Machine learning},
  volume={20},
  number={3},
  pages={273--297},
  year={1995},
  publisher={Springer}
}

@article{adaboost,
title = {A Decision-Theoretic Generalization of On-Line Learning and an Application to Boosting},
journal = {Journal of Computer and System Sciences},
volume = {55},
number = {1},
pages = {119-139},
year = {1997},
issn = {0022-0000},
doi = {https://doi.org/10.1006/jcss.1997.1504},
url = {https://www.sciencedirect.com/science/article/pii/S002200009791504X},
author = {Yoav Freund and Robert E Schapire},
}

@MISC{medium_abhishek,
   author =       "Kumar, Abhishek",
   title =        "Introduction to Multi-Armed Bandit Problem and its Applications",
   editor =       "medium.com",
   month =        "June",
   year =         "2018",
   url =          "\url{https://medium.com/@kumar.abhishek3031/introduction-to-multi-armed-bandit-problem-and-its-applications-6df9ad82120f}",
   note =         "[Online; posted 13-June-2018]",
 }
 
@inproceedings{xgboost,
author = {Chen, Tianqi and Guestrin, Carlos},
title = {XGBoost: A Scalable Tree Boosting System},
year = {2016},
isbn = {9781450342322},
publisher = {Association for Computing Machinery},
address = {New York, NY, USA},
url = {https://doi.org/10.1145/2939672.2939785},
doi = {10.1145/2939672.2939785},
booktitle = {Proceedings of the 22nd ACM SIGKDD International Conference on Knowledge Discovery and Data Mining},
pages = {785–794},
numpages = {10},
keywords = {large-scale machine learning},
location = {San Francisco, California, USA},
series = {KDD '16}
}

@Unpublished{hyp_boosting,
author = "M. Kearns",
title = "Thoughts on Hypothesis Boosting",
month = dec,
year = "1988",
note = " Unpublished ",
}
 
 @article{boosting,
author = {Schapire, Robert E.},
title = {The Strength of Weak Learnability},
year = {1990},
issue_date = {Jun. 1990},
publisher = {Kluwer Academic Publishers},
address = {USA},
volume = {5},
number = {2},
issn = {0885-6125},
url = {https://doi.org/10.1023/A:1022648800760},
doi = {10.1023/A:1022648800760},
journal = {Mach. Learn.},
month = {jul},
pages = {197–227},
numpages = {31},
keywords = {polynomial-time identification, PAC learning, learning from examples, learnability theory, Machine learning}
}

@inproceedings{ding2019deep,
  title={Deep anomaly detection on attributed networks},
  author={Ding, Kaize and Li, Jundong and Bhanushali, Rohit and Liu, Huan},
  booktitle={Proceedings of the 2019 SIAM International Conference on Data Mining},
  pages={594--602},
  year={2019},
  organization={SIAM}
}

@inproceedings{sublime2018collaborative,
  title={Collaborative clustering through constrained networks using bandit optimization},
  author={Sublime, J{\'e}r{\'e}mie and Lefebvre, Sylvain},
  booktitle={2018 International Joint Conference on Neural Networks (IJCNN)},
  pages={1--8},
  year={2018},
  organization={IEEE}
}

@article{bouneffouf2019survey,
  title={A survey on practical applications of multi-armed and contextual bandits},
  author={Bouneffouf, Djallel and Rish, Irina},
  journal={arXiv preprint arXiv:1904.10040},
  year={2019}
}
@inproceedings{shen2015portfolio,
  title={Portfolio choices with orthogonal bandit learning},
  author={Shen, Weiwei and Wang, Jun and Jiang, Yu-Gang and Zha, Hongyuan},
  booktitle={Twenty-fourth international joint conference on artificial intelligence},
  year={2015}
}

@article{huo2017risk,
  title={Risk-aware multi-armed bandit problem with application to portfolio selection},
  author={Huo, Xiaoguang and Fu, Feng},
  journal={Royal Society open science},
  volume={4},
  number={11},
  pages={171377},
  year={2017},
  publisher={The Royal Society Publishing}
}

@article{whittle1980multi,
  title={Multi-armed bandits and the Gittins index},
  author={Whittle, Peter},
  journal={Journal of the Royal Statistical Society: Series B (Methodological)},
  volume={42},
  number={2},
  pages={143--149},
  year={1980},
  publisher={Wiley Online Library}
}

@article{aziz2021multi,
  title={On multi-armed bandit designs for dose-finding clinical trials},
  author={Aziz, Maryam and Kaufmann, Emilie and Riviere, Marie-Karelle},
  journal={Journal of Machine Learning Research},
  volume={22},
  number={14},
  pages={1--38},
  year={2021}
}
@article{talebi2017stochastic,
  title={Stochastic online shortest path routing: The value of feedback},
  author={Talebi, Mohammad Sadegh and Zou, Zhenhua and Combes, Richard and Proutiere, Alexandre and Johansson, Mikael},
  journal={IEEE Transactions on Automatic Control},
  volume={63},
  number={4},
  pages={915--930},
  year={2017},
  publisher={IEEE}
}