@book{bartoRL,
  title={Reinforcement Learning: An Introduction},
  author={Barto, Andrew and Sutton, Richard S. }
}
