@article{doi:10.1073/pnas.38.8.716,
author = {Richard Bellman },
title = {On the Theory of Dynamic Programming},
journal = {Proceedings of the National Academy of Sciences},
volume = {38},
number = {8},
pages = {716-719},
year = {1952},
doi = {10.1073/pnas.38.8.716},

URL = {https://www.pnas.org/doi/abs/10.1073/pnas.38.8.716},
eprint = {https://www.pnas.org/doi/pdf/10.1073/pnas.38.8.716}
}

@ARTICLE{Bel,
    author = "Richard Bellman",
     title = "A Markovian Decision Process",
   journal = "Indiana Univ. Math. J.",
  fjournal = "Indiana University Mathematics Journal",
    volume = 6,
      year = 1957,
     issue = 4,
     pages = "679--684",
      issn = "0022-2518",
     coden = "IUMJAB",
   mrclass = "",
}