@article{shalev-shwartz,
  title="{Online Learning and Online
Convex Optimization}",
  author={Shai Shalev-Shwartz},
  year = {2011},
  journal = {Foundations and Trends RÂ© in
Machine Learning},
  volume = "4",
  number = "2",
  pages = "107--194",
  DOI = "10.1561/2200000018"
}

@article{hoi2018online,
      title="{Online Learning: A Comprehensive Survey}", 
      author={Steven C. H. Hoi and Doyen Sahoo and Jing Lu and Peilin Zhao},
      year={2018},
      eprint={1802.02871},
      archivePrefix={arXiv},
      primaryClass={cs.LG}
}

@article{orabona,
    title="{A Modern Introduction to Online Learning}", 
    author={Francesco Orabona},
    year={2021},
    eprint={1912.13213},
    archivePrefix={arXiv},
    primaryClass={cs.LG}
}
